@article{ALEPH:1997gvm,
    author = "Barate, R. and others",
    collaboration = "ALEPH",
    title = "{Study of the muon-pair production at centre-of-mass energies from 20 to 136\,GeV with the ALEPH detector}",
    reportNumber = "CERN-PPE-97-010, CERN-PPE-97-10, FSU-SCRI-97-92",
    doi = "10.1016/S0370-2693(97)00353-5",
    journal = "Phys. Lett. B",
    volume = "399",
    pages = "329",
    year = "1997"
}
@unpublished{kumericki2016feynman,
      title={Feynman Diagrams for Beginners}, 
      author={Kresimir Kumericki},
      year={2016},
      eprint={1602.04182},
      archivePrefix={arXiv},
      primaryClass={physics.ed-ph}
}

@misc{hepdata.47490,
    howpublished = {{HEPD}ata record for~\cite{ALEPH:1997gvm}},
    year = 1997,
    doi = {10.17182/hepdata.47490}
}